@book{10.5555/993483,
author = {Boyd, Stephen and Vandenberghe, Lieven},
title = {Convex Optimization},
year = {2004},
isbn = {0521833787},
publisher = {Cambridge University Press},
address = {USA}
}

@book{nesterov2018lectures,
  title={Lectures on convex optimization},
  author={Nesterov, Yurii},
  volume={137},
  year={2018},
  publisher={Springer}
}

@book{nesterov1994interior,
  title={Interior-point polynomial algorithms in convex programming},
  author={Nesterov, Yurii and Nemirovskii, Arkadii},
  volume={13},
  year={1994},
  publisher={Siam}
}

@book{frisch1955logarithmic,
  title={The Logarithmic Potential Method of Convex Programming, with Particular Application to the Dynamics of Planning for National Development: Synopsis of a Communication Etc},
  author={Frisch, R.},
  series={Memoranda},
  url={https://books.google.com/books?id=Qq3kswEACAAJ},
  year={1955},
  publisher={Social{\o}konomiske Institutt}
}


@inproceedings{karmarkar1984new,
  title={A new polynomial-time algorithm for linear programming},
  author={Karmarkar, Narendra},
  booktitle={Proceedings of the sixteenth annual ACM symposium on Theory of computing},
  pages={302--311},
  year={1984}
}

@article{gill1986projected,
  title={On projected Newton barrier methods for linear programming and an equivalence to Karmarkarâ€™s projective method},
  author={Gill, Philip E and Murray, Walter and Saunders, Michael A and Tomlin, John A and Wright, Margaret H},
  journal={Mathematical programming},
  volume={36},
  number={2},
  pages={183--209},
  year={1986},
  publisher={Springer}
}

@book{wright1997primal,
  title={Primal-dual interior-point methods},
  author={Wright, Stephen J},
  volume={54},
  year={1997},
  publisher={Siam}
}

@article{ferris2002interior,
  title={Interior-point methods for massive support vector machines},
  author={Ferris, Michael C and Munson, Todd S},
  journal={SIAM Journal on Optimization},
  volume={13},
  number={3},
  pages={783--804},
  year={2002},
  publisher={SIAM}
}

@article{woodsend2011exploiting,
  title={Exploiting separability in large-scale linear support vector machine training},
  author={Woodsend, Kristian and Gondzio, Jacek},
  journal={Computational Optimization and Applications},
  volume={49},
  number={2},
  pages={241--269},
  year={2011},
  publisher={Springer}
}